@article{LeidenManifesto2015,
   author={Hicks, D and Wouters, P and Waltman, L 
   and de Rijcke, S and Rafols, I},
   title={The {L}eiden {M}anifesto for research metrics},
   journal={Nature},
   volume={520},
   year={2015},
   pages={429-431},
   doi = {10.1038/520429a},
   url = {}
}

@article{Williams2015,
   author={Williams, R S and Lotia, S and Holloway, AK
   and Pico, A R},
   title={{F}rom {S}cientific {D}iscovery to {C}ures: {B}right {S}tars within a {G}alaxy},
   journal={Cell},
   volume={163},
   year={2015},
   pages={21-23},
   doi = {10.1016/j.cell.2015.09.007},
   url = {}
}

@article{Keserci2017,
   author={Keserci, S and Livingston, E and Wan, L
   and Pico, AR and Chacko, G},
   title={{R}esearch synergy and drug development: {B}right stars in neighboring constellations},
   journal={Heliyon},
   volume={3},
   year={2017},
   pages={e00442},
   doi = {10.1016/j.heliyon.2017.e00442},
   url = {}
}

@article{Pratt2015,
   author={Pratt, D and Chen, J and Welker, D and Rivas, R and Pillich, R and Rynkov, V and
   Ono, K and  Miello, C and Hicks, L and Szalma, S and Stojmirovic, A and Dobrin, R and  Braxenthaler, M and 
   Kuentzer, J and Demchak, B and Ideker, T},
   title={{NDE}x, the {N}etwork {D}ata {E}xchange},
   journal={Cell},
   volume={1},
   year={2015},
   pages={302:305},
   doi = {10.1016/j.cels.2015.10.001},
   url = {}
}

@article{Vehlow2015,
   author={Vehlow, C and Kao, DP and Bristow, MR and Hunter, LE and Weiskopf, D and Görg C},
   title={{V}isual analysis of biological data-knowledge networks},
   journal={BMC Bioinformatics},
   volume={16},
   year={2015},
   pages={135},
   doi = {10.1186/s12859-015-0550-z},
   url = {}
}

-- samples

@book{ab94,
   author* = {Charalambos D. Aliprantis and Kim C. Border},
   year = {1994},
   title = {Infinite Dimensional Analysis},
   publisher = {Springer},
   address = {Berlin}
}
*A book must have either an author field or an editor field. 
@incollection{m85,
   author={Maskin, Eric S.},
   year={1985},
   title={The theory of implementation in {N}ash equilibrium: a survey},
   booktitle={Social Goals and Social Organization},
   editor={Leonid Hurwicz and David Schmeidler and Hugo Sonnenschein},
   pages={173-204},
   publisher={Cambridge University Press},
   address={Cambridge}
}

@inproceedings{ah2006,
   author={Aggarwal, Gagan and Hartline, Jason D.},
   year={2006},
   title={Knapsack auctions},
   booktitle={Proceedings of the 17th Annual ACM-SIAM Symposium on Discrete Algorithms},
   pages={1083-1092},
   publisher={Association for Computing Machinery},
   address={New York}
}

@techreport{arrow48,
  author = {Arrow, Kenneth J.},
  title = {The possibility of a universal social welfare function},
  institution = {RAND Corporation},
  year = {1948},
  number = {P-41},
  type = {Report}
}

@unpublished{FudenbergKreps1988,
  title = {A theory of learning, experimentation, and equilibrium in games},
  author = {Fudenberg, Drew and Kreps, David M.},
  year = {1988},
  note = {Unpublished paper}
}

